@inproceedings{wang2022hlip,
  title={HLIP: Hierarchical Language-Image Pre-training},
  author={Wang, Ziqi and Yu, Jiahui and Yu, Adams Wei and Dai, Zihang and Tsvetkov, Yulia and Cao, Yuan},
  booktitle={ICML},
  year={2022}
}

@article{sutton1999options,
  title={Between MDPs and semi-MDPs: A framework for temporal abstraction in reinforcement learning},
  author={Sutton, Richard S and Precup, Doina and Singh, Satinder},
  journal={Artificial intelligence},
  volume={112},
  number={1-2},
  pages={181--211},
  year={1999},
  publisher={Elsevier}
}

@inproceedings{andrychowicz2017hindsight,
  title={Hindsight experience replay},
  author={Andrychowicz, Marcin and Wolski, Filip and Ray, Alex and Schneider, Jonas and Fong, Rachel and Welinder, Peter and McGrew, Bob and Tobin, Josh and Abbeel, OpenAI Pieter and Zaremba, Wojciech},
  booktitle={NeurIPS},
  pages={5048--5058},
  year={2017}
}

@inproceedings{vezhnevets2017feudal,
  title={Feudal networks for hierarchical reinforcement learning},
  author={Vezhnevets, Alexander Sasha and Osindero, Simon and Schaul, Tom and Heess, Nicolas and Jaderberg, Max and Silver, David and Kavukcuoglu, Koray},
  booktitle={ICML},
  pages={3540--3549},
  year={2017}
}

@article{mnih2014attention,
  title={Recurrent models of visual attention},
  author={Mnih, Volodymyr and Heess, Nicolas and Graves, Alex and others},
  journal={NeurIPS},
  volume={27},
  year={2014}
}

@inproceedings{tang2019attention,
  title={Attention-based deep reinforcement learning for virtual network embedding},
  author={Tang, Zhongxiang and Zhou, Junchi and Zhang, Kaiqi and Hou, Weijia and Sun, Quan and Li, Rui and Zhang, Yue},
  booktitle={IEEE INFOCOM},
  pages={1040--1048},
  year={2019}
}

@inproceedings{lin2017fpn,
  title={Feature pyramid networks for object detection},
  author={Lin, Tsung-Yi and Doll{\'a}r, Piotr and Girshick, Ross and He, Kaiming and Hariharan, Bharath and Belongie, Serge},
  booktitle={CVPR},
  pages={2117--2125},
  year={2017}
}

@article{lindeberg2013scale,
  title={Scale-space theory in computer vision},
  author={Lindeberg, Tony},
  journal={Springer Science \& Business Media},
  year={2013}
}

@article{pentland1984fractal,
  title={Fractal-based description of natural scenes},
  author={Pentland, Alex P},
  journal={IEEE Transactions on Pattern Analysis and Machine Intelligence},
  number={6},
  pages={661--674},
  year={1984}
}

@book{mandelbrot1982fractal,
  title={The fractal geometry of nature},
  author={Mandelbrot, Benoit B},
  volume={1},
  year={1982},
  publisher={WH freeman New York}
}

@article{mnih2015human,
  title={Human-level control through deep reinforcement learning},
  author={Mnih, Volodymyr and Kavukcuoglu, Koray and Silver, David and Rusu, Andrei A and Veness, Joel and Bellemare, Marc G and Graves, Alex and Riedmiller, Martin and Fidjeland, Andreas K and Ostrovski, Georg and others},
  journal={nature},
  volume={518},
  number={7540},
  pages={529--533},
  year={2015},
  publisher={Nature Publishing Group}
}

@inproceedings{vaswani2017attention,
  title={Attention is all you need},
  author={Vaswani, Ashish and Shazeer, Noam and Parmar, Niki and Uszkoreit, Jakob and Jones, Llion and Gomez, Aidan N and Kaiser, {\L}ukasz and Polosukhin, Illia},
  booktitle={NeurIPS},
  pages={5998--6008},
  year={2017}
}

@article{wang2020dueling,
  title={Dueling network architectures for deep reinforcement learning},
  author={Wang, Ziyu and Schaul, Tom and Hessel, Matteo and Hasselt, Hado and Lanctot, Marc and Freitas, Nando},
  journal={ICML},
  pages={1995--2003},
  year={2016}
}

@inproceedings{he2016deep,
  title={Deep residual learning for image recognition},
  author={He, Kaiming and Zhang, Xiangyu and Ren, Shaoqing and Sun, Jian},
  booktitle={CVPR},
  pages={770--778},
  year={2016}
}

@article{dosovitskiy2020image,
  title={An image is worth 16x16 words: Transformers for image recognition at scale},
  author={Dosovitskiy, Alexey and Beyer, Lucas and Kolesnikov, Alexander and Weissenborn, Dirk and Zhai, Xiaohua and Unterthiner, Thomas and Dehghani, Mostafa and Minderer, Matthias and Heigold, Georg and Gelly, Sylvain and others},
  journal={ICLR},
  year={2021}
} 